%-------------------------------------------------------------------------------
 %	REPLACE WITH YOUR PUBLICATIONS
 %-------------------------------------------------------------------------------
@article{PhysRevC.102.064301,
    title =     {Estimate of the location of the neutron drip line for calcium isotopes from an exact Hamiltonian with continuum pair correlations},
    author =    {Dassie, A. C. and Id Betan, R. M.},
    journal =   {Phys. Rev. C},
    volume =    {102},
    issue =     {6},
    pages =     {064301},
    numpages =  {8},
    year =      {2020},
    month =     {Dec},
    publisher = {American Physical Society},
    doi =       {10.1103/PhysRevC.102.064301},
    url =       {https://link.aps.org/doi/10.1103/PhysRevC.102.064301}
}

@article{AmJouPhy.10.0007045,
    author =  {Dassie, A. C. and Gerdau, F.  and Gonzalez, F. J.  and Moyano, M.  and Id Betan, R. M. },
    title =   {Illustrations of loosely bound and resonant states in atomic nuclei},
    journal = {American Journal of Physics},
    volume =  {90},
    number =  {2},
    pages =   {118-125},
    year =    {2022},
    doi =     {10.1119/10.0007045},
    URL =     { https://doi.org/10.1119/10.0007045},
    eprint =  { https://doi.org/10.1119/10.0007045}
}

@article{PhysRevC.108.044314,
  title = {$\ensuremath{\alpha}$-decay from $^{44}\mathrm{Ti}$: A study of microscopic clusterization},
  author = {Dassie, A. C. and Betan, R. M. Id},
  journal = {Phys. Rev. C},
  volume = {108},
  issue = {4},
  pages = {044314},
  numpages = {7},
  year = {2023},
  month = {Oct},
  publisher = {American Physical Society},
  doi = {10.1103/PhysRevC.108.044314},
  url = {https://link.aps.org/doi/10.1103/PhysRevC.108.044314}
}

% -------------------------------------------------- Proceedings

@article{AnalesAFA2023,
    author =    {Dassie, A. C. and Id Betan, R. M.},
    title =     {Renormalized ground state alpha decay of Polonium-212},
    % booktitle = {Anales AFA 34, 2, pp. 33-37, Argentine Physical Association},
    journal =   {Anales AFA},
    publisher = {Argentine Physical Association},
    volume =    {34},
    number =    {2},
    pages =     {33-37},
    year =      {2023},
    doi =       {10.31527/analesafa.2023.34.2.33},
    url =       {https://anales.fisica.org.ar/index.php/analesafa/article/view/2383}
}